<record><leader>00000cas a22000007a 4500</leader><controlfield tag="001">47788731</controlfield><controlfield tag="008">010815c19909999waumx ne      0   a0eng c</controlfield><datafield ind1=" " ind2=" " tag="010"><subfield code="a">  2001214934</subfield></datafield><datafield ind1=" " ind2=" " tag="040"><subfield code="a">NSD</subfield><subfield code="b">eng</subfield><subfield code="c">NSD</subfield><subfield code="d">OCLCQ</subfield></datafield><datafield ind1=" " ind2=" " tag="012"><subfield code="l">1</subfield></datafield><datafield ind1="0" ind2=" " tag="022"><subfield code="a">1536-6979</subfield><subfield code="l">1536-6979</subfield><subfield code="2">1</subfield></datafield><datafield ind1="1" ind2=" " tag="029"><subfield code="a">AU@</subfield><subfield code="b">000022925706</subfield></datafield><datafield ind1="1" ind2=" " tag="029"><subfield code="a">NZ1</subfield><subfield code="b">16094862</subfield></datafield><datafield ind1=" " ind2=" " tag="037"><subfield code="b">Julie A. Malgesini, P.O. Box 7512, Tacoma, WA 98406-0512</subfield><subfield code="c">$120.00</subfield></datafield><datafield ind1=" " ind2=" " tag="042"><subfield code="a">nsdp</subfield><subfield code="a">pcc</subfield></datafield><datafield ind1="1" ind2="0" tag="082"><subfield code="a">070</subfield><subfield code="2">13</subfield></datafield><datafield ind1="0" ind2=" " tag="130"><subfield code="a">Northwest news (Tacoma, Wash.)</subfield></datafield><datafield ind1="0" ind2=" " tag="210"><subfield code="a">Northwest news</subfield><subfield code="b">(Tacoma Wash.)</subfield></datafield><datafield ind1=" " ind2="0" tag="222"><subfield code="a">Northwest news</subfield><subfield code="b">(Tacoma, Wash.)</subfield></datafield><datafield ind1="1" ind2="0" tag="245"><subfield code="a">Northwest news.</subfield></datafield><datafield ind1=" " ind2=" " tag="260"><subfield code="a">Tacoma, WA :</subfield><subfield code="b">Northwest News</subfield></datafield><datafield ind1=" " ind2=" " tag="300"><subfield code="a">v.</subfield></datafield><datafield ind1=" " ind2=" " tag="310"><subfield code="a">Ten times a year</subfield></datafield><datafield ind1="1" ind2=" " tag="362"><subfield code="a">Began in 1990.</subfield></datafield><datafield ind1=" " ind2=" " tag="588"><subfield code="a">Description based on: Vol. 11, no. 7 (May 2001).</subfield></datafield></record>